<record><leader>00000cas a2200000 a 4500</leader><controlfield tag="001">6664960</controlfield><controlfield tag="008">800828d19291940ohuwr n       0    0eng c</controlfield><datafield ind1=" " ind2=" " tag="010"><subfield code="a">   00221197 </subfield></datafield><datafield ind1=" " ind2=" " tag="040"><subfield code="a">BTI</subfield><subfield code="b">eng</subfield><subfield code="c">BTI</subfield><subfield code="d">BTI</subfield><subfield code="d">ONP</subfield><subfield code="d">OCL</subfield><subfield code="d">NVF</subfield><subfield code="d">ATL</subfield><subfield code="d">OCLCQ</subfield><subfield code="d">OCLCA</subfield><subfield code="d">OCLCF</subfield><subfield code="d">OCLCO</subfield><subfield code="d">ORU</subfield></datafield><datafield ind1=" " ind2=" " tag="042"><subfield code="a">pcc</subfield></datafield><datafield ind1=" " ind2=" " tag="043"><subfield code="a">n-us---</subfield></datafield><datafield ind1=" " ind2=" " tag="090"><subfield code="a">BX8201</subfield></datafield><datafield ind1="0" ind2=" " tag="130"><subfield code="a">Christian advocate (Cincinnati, Ohio : 1929)</subfield></datafield><datafield ind1="1" ind2="4" tag="245"><subfield code="a">The Christian advocate.</subfield></datafield><datafield ind1=" " ind2=" " tag="250"><subfield code="a">Western ed.</subfield></datafield><datafield ind1=" " ind2=" " tag="260"><subfield code="a">Cincinnati :</subfield><subfield code="b">Methodist Book Concern,</subfield><subfield code="c">1929-1940.</subfield></datafield><datafield ind1=" " ind2=" " tag="300"><subfield code="a">12 v. :</subfield><subfield code="b">ill.</subfield></datafield><datafield ind1=" " ind2=" " tag="310"><subfield code="a">Weekly</subfield></datafield><datafield ind1="0" ind2=" " tag="362"><subfield code="a">Vol. 95, no. 43 (Oct. 24, 1929)- = whole no. 5073-</subfield></datafield><datafield ind1="1" ind2=" " tag="362"><subfield code="a">Ceased with v. 106, Dec. 26, 1940.</subfield><subfield code="z">Cf. Batsel, John d. Union list of United Methodist serials, 1773-1973.</subfield></datafield><datafield ind1=" " ind2=" " tag="530"><subfield code="a">Available on microfilm from University Microfilms.</subfield></datafield><datafield ind1=" " ind2=" " tag="530"><subfield code="a">Also issued on microfilm by American Theological Library Association.</subfield></datafield><datafield ind1=" " ind2=" " tag="550"><subfield code="a">Official organ of the Methodist Episcopal Church.</subfield></datafield><datafield ind1=" " ind2=" " tag="580"><subfield code="a">Merged with: Methodist recorder (Baltimore), and several other regional editions of the Christian advocate to form: Christian advocate (Chicago, Ill. : 1941).</subfield></datafield><datafield ind1=" " ind2=" " tag="588"><subfield code="a">Latest issue consulted: Vol. 100, no. 52 (Dec. 27, 1934) = whole no. 5332.</subfield></datafield><datafield ind1="2" ind2="0" tag="610"><subfield code="a">Methodist Episcopal Church</subfield><subfield code="v">Newspapers.</subfield></datafield><datafield ind1=" " ind2="0" tag="650"><subfield code="a">Methodist Church</subfield><subfield code="z">United States</subfield><subfield code="v">Newspapers.</subfield></datafield><datafield ind1="2" ind2="7" tag="610"><subfield code="a">Methodist Episcopal Church.</subfield><subfield code="2">fast</subfield><subfield code="0">(OCoLC)fst00541689</subfield></datafield><datafield ind1=" " ind2="7" tag="650"><subfield code="a">Methodist Church.</subfield><subfield code="2">fast</subfield><subfield code="0">(OCoLC)fst01018643</subfield></datafield><datafield ind1=" " ind2="7" tag="651"><subfield code="a">United States.</subfield><subfield code="2">fast</subfield><subfield code="0">(OCoLC)fst01204155</subfield></datafield><datafield ind1=" " ind2="7" tag="655"><subfield code="a">Newspapers.</subfield><subfield code="2">fast</subfield><subfield code="0">(OCoLC)fst01423814</subfield></datafield><datafield ind1="2" ind2=" " tag="710"><subfield code="a">Methodist Episcopal Church.</subfield></datafield><datafield ind1="1" ind2=" " tag="776"><subfield code="c">Microfilm</subfield><subfield code="d">American Theological Library Association</subfield><subfield code="w">(DLC)   00221198</subfield><subfield code="w">(OCoLC)20711914</subfield></datafield><datafield ind1="0" ind2="0" tag="780"><subfield code="t">Western Christian advocate (Cincinnati, Ohio)</subfield><subfield code="w">(DLC)sn 89075028</subfield><subfield code="w">(OCoLC)1769711</subfield></datafield><datafield ind1="1" ind2="7" tag="785"><subfield code="t">Methodist recorder (Baltimore, Md.)</subfield><subfield code="w">(DLC)   00221539</subfield><subfield code="w">(OCoLC)30907018</subfield></datafield><datafield ind1="1" ind2="7" tag="785"><subfield code="t">Christian advocate (Cincinnati, Ohio : 1938)</subfield><subfield code="w">(DLC)   00221081</subfield><subfield code="w">(OCoLC)6674477</subfield></datafield><datafield ind1="1" ind2="7" tag="785"><subfield code="t">Christian advocate (Nashville, Tenn.)</subfield><subfield code="w">(DLC)sn 93062956</subfield><subfield code="w">(OCoLC)28392413</subfield></datafield><datafield ind1="1" ind2="7" tag="785"><subfield code="t">Christian advocate (Pacific ed.)</subfield><subfield code="w">(OCoLC)928935258</subfield></datafield><datafield ind1="1" ind2="7" tag="785"><subfield code="t">Christian advocate (Chicago, Ill. : 1929)</subfield><subfield code="w">(DLC)sn 98016025</subfield><subfield code="w">(OCoLC)11699305</subfield></datafield><datafield ind1="1" ind2="7" tag="785"><subfield code="t">Christian advocate</subfield><subfield code="c">Chicago, Ill.</subfield><subfield code="w">(OCoLC)6674482</subfield></datafield><datafield ind1="1" ind2=" " tag="029"><subfield code="a">AU@</subfield><subfield code="b">000021544896</subfield></datafield></record>